@inproceedings{reynolds72definitional,
 author = {Reynolds, John C.},
 title = {Definitional Interpreters for Higher-order Programming Languages},
 booktitle = {Proceedings of the ACM Annual Conference - Volume 2},
 series = {ACM '72},
 year = {1972},
 location = {Boston, Massachusetts, USA},
 pages = {717--740},
 numpages = {24},
 url = {http://doi.acm.org/10.1145/800194.805852},
 doi = {10.1145/800194.805852},
 acmid = {805852},
 publisher = {ACM},
 address = {New York, NY, USA},
 keywords = {Applicative language, Closure, Continuation, GEDANKEN, Higher-order function, Interpreter, J-operator, LISP, Lambda calculus, Language definition, Order of application, PAL, Programming language, Reference, SECD machine},
} 

@article{wright94syntactic,
 author = {Wright, A.K. and Felleisen, M.},
 title = {A Syntactic Approach to Type Soundness},
 journal = {Inf. Comput.},
 issue_date = {Nov. 15, 1994},
 volume = {115},
 number = {1},
 month = nov,
 year = {1994},
 issn = {0890-5401},
 pages = {38--94},
 numpages = {57},
 url = {http://dx.doi.org/10.1006/inco.1994.1093},
 doi = {10.1006/inco.1994.1093},
 acmid = {191909},
 publisher = {Academic Press, Inc.},
 address = {Duluth, MN, USA},
} 

@article{baumer2001integrating,
  title={Integrating refactoring support into a {Java} development tool},
  author={B{\"a}umer, Dirk and Gamma, Erich and Kiezun, Adam},
  journal={OOPSLAâ€™01 Companion},
  year={2001}
}

@article{igarashi01featherweight,
 author = {Igarashi, Atsushi and Pierce, Benjamin C. and Wadler, Philip},
 title = {Featherweight {Java}: A Minimal Core Calculus for {Java} and {GJ}},
 journal = {ACM Trans. Program. Lang. Syst.},
 issue_date = {May 2001},
 volume = {23},
 number = {3},
 month = may,
 year = {2001},
 issn = {0164-0925},
 pages = {396--450},
 numpages = {55},
 url = {http://doi.acm.org/10.1145/503502.503505},
 doi = {10.1145/503502.503505},
 acmid = {503505},
 publisher = {ACM},
 address = {New York, NY, USA},
 keywords = {Compilation, Java, generic classes, language design, language semantics},
}

@inproceedings{danvy01defunctionalization,
 author = {Danvy, Olivier and Nielsen, Lasse R.},
 title = {Defunctionalization at Work},
 booktitle = {Proceedings of the 3rd ACM SIGPLAN International Conference on Principles and Practice of Declarative Programming},
 series = {PPDP '01},
 year = {2001},
 isbn = {1-58113-388-X},
 location = {Florence, Italy},
 pages = {162--174},
 numpages = {13},
 url = {http://doi.acm.org/10.1145/773184.773202},
 doi = {10.1145/773184.773202},
 acmid = {773202},
 publisher = {ACM},
 address = {New York, NY, USA},
 keywords = {CPS transformation, ML, Scheme, church encoding, closure conversion, continuation-passing style (CPS), continuations, defunctionalization, direct-style transformation, first-order programs, higher-order programs, lambda-lifting, regular expressions, supercombinator conversion, syntactic theories},
} 

@inproceedings{foster05combinators,
 author = {Foster, J. Nathan and Greenwald, Michael B. and Moore, Jonathan T. and Pierce, Benjamin C. and Schmitt, Alan},
 title = {Combinators for Bi-directional Tree Transformations: A Linguistic Approach to the View Update Problem},
 booktitle = {Proceedings of the 32Nd ACM SIGPLAN-SIGACT Symposium on Principles of Programming Languages},
 series = {POPL '05},
 year = {2005},
 isbn = {1-58113-830-X},
 location = {Long Beach, California, USA},
 pages = {233--246},
 numpages = {14},
 url = {http://doi.acm.org/10.1145/1040305.1040325},
 doi = {10.1145/1040305.1040325},
 acmid = {1040325},
 publisher = {ACM},
 address = {New York, NY, USA},
 keywords = {XML, bi-directional programming, harmony, lenses, view update problem},
} 

@article{danvy09refunctionalization,
 author = {Danvy, Olivier and Millikin, Kevin},
 title = {Refunctionalization at Work},
 journal = {Sci. Comput. Program.},
 issue_date = {June, 2009},
 volume = {74},
 number = {8},
 month = jun,
 year = {2009},
 issn = {0167-6423},
 pages = {534--549},
 numpages = {16},
 url = {http://dx.doi.org/10.1016/j.scico.2007.10.007},
 doi = {10.1016/j.scico.2007.10.007},
 acmid = {1537536},
 publisher = {Elsevier North-Holland, Inc.},
 address = {Amsterdam, The Netherlands, The Netherlands},
 keywords = {Abstract machines, Continuation-passing style (CPS), Continuations, Defunctionalization, Refunctionalization, Shunting-yard algorithm},
} 

@inproceedings{abel13copatterns,
 author = {Abel, Andreas and Pientka, Brigitte and Thibodeau, David and Setzer, Anton},
 title = {Copatterns: Programming Infinite Structures by Observations},
 booktitle = {Proceedings of the 40th Annual ACM SIGPLAN-SIGACT Symposium on Principles of Programming Languages},
 series = {POPL '13},
 year = {2013},
 isbn = {978-1-4503-1832-7},
 location = {Rome, Italy},
 pages = {27--38},
 numpages = {12},
 url = {http://doi.acm.org/10.1145/2429069.2429075},
 doi = {10.1145/2429069.2429075},
 acmid = {2429075},
 publisher = {ACM},
 address = {New York, NY, USA},
 keywords = {coinduction, functional programming, introduction vs. elimination, message passing, pattern matching},
}

@incollection{setzer14unnesting,
year={2014},
isbn={978-3-319-08917-1},
booktitle={Rewriting and Typed Lambda Calculi},
volume={8560},
series={Lecture Notes in Computer Science},
editor={Dowek, Gilles},
doi={10.1007/978-3-319-08918-8_3},
title={Unnesting of Copatterns},
url={http://dx.doi.org/10.1007/978-3-319-08918-8_3},
publisher={Springer International Publishing},
keywords={Pattern matching; copattern matching; algebraic data types; codata; coalgebras; conservative extension; strong normalisation; weak normalisation; abstract reduction system; ARS},
author={Setzer, Anton and Abel, Andreas and Pientka, Brigitte and Thibodeau, David},
pages={31-45},
language={English}
}


@inproceedings{rendel15automatic,
 author = {Rendel, Tillmann and Trieflinger, Julia and Ostermann, Klaus},
 title = {Automatic Refunctionalization to a Language with Copattern Matching: With Applications to the Expression Problem},
 booktitle = {Proceedings of the 20th ACM SIGPLAN International Conference on Functional Programming},
 series = {ICFP 2015},
 year = {2015},
 isbn = {978-1-4503-3669-7},
 location = {Vancouver, BC, Canada},
 pages = {269--279},
 numpages = {11},
 url = {http://doi.acm.org/10.1145/2784731.2784763},
 doi = {10.1145/2784731.2784763},
 acmid = {2784763},
 publisher = {ACM},
 address = {New York, NY, USA},
 keywords = {Codata, Copattern Matching, Defunctionalization, Expression Problem, Refunctionalization, Uroboro},
} 
